@article{msprime,
    author = {Baumdicker, Franz and Bisschop, Gertjan and Goldstein, Daniel and Gower, Graham and Ragsdale, Aaron P and Tsambos, Georgia and Zhu, Sha and Eldon, Bjarki and Ellerman, E Castedo and Galloway, Jared G and Gladstein, Ariella L and Gorjanc, Gregor and Guo, Bing and Jeffery, Ben and Kretzschumar, Warren W and Lohse, Konrad and Matschiner, Michael and Nelson, Dominic and Pope, Nathaniel S and Quinto-Cortés, Consuelo D and Rodrigues, Murillo F and Saunack, Kumar and Sellinger, Thibaut and Thornton, Kevin and van Kemenade, Hugo and Wohns, Anthony W and Wong, Yan and Gravel, Simon and Kern, Andrew D and Koskela, Jere and Ralph, Peter L and Kelleher, Jerome},
    title = "{Efficient ancestry and mutation simulation with msprime 1.0}",
    journal = {Genetics},
    volume = {220},
    number = {3},
    pages = {iyab229},
    year = {2021},
    month = {12},
    issn = {1943-2631},
    doi = {10.1093/genetics/iyab229},
    url = {https://doi.org/10.1093/genetics/iyab229},
    eprint = {https://academic.oup.com/genetics/article-pdf/220/3/iyab229/43780247/iyab229.pdf},
}

@article{dadi,
author = {Gutenkunst, Ryan and Hernandez, Ryan and Williamson, Scott and Bustamante, Carlos},
year = {2009},
month = {10},
pages = {e1000695},
title = {Inferring the Joint Demographic History of Multiple Populations from Multidimensional SNP Frequency Data},
volume = {5},
journal = {PLoS genetics},
doi = {10.1371/journal.pgen.1000695}
}

@article{demes,
author = {Gower, Graham and Ragsdale, Aaron and Bisschop, Gertjan and Gutenkunst, Ryan and Hartfield, Matthew and Noskova, Ekaterina and Schiffels, Stephan and Struck, Travis and Kelleher, Jerome and Thornton, Kevin},
year = {2022},
month = {09},
pages = {},
title = {Demes: a standard format for demographic models},
volume = {222},
journal = {Genetics},
doi = {10.1093/genetics/iyac131}
}

@article{phasetype_popgen,
title = {Phase-type distributions in population genetics},
journal = {Theoretical Population Biology},
volume = {127},
pages = {16-32},
year = {2019},
issn = {0040-5809},
doi = {https://doi.org/10.1016/j.tpb.2019.02.001},
url = {https://www.sciencedirect.com/science/article/pii/S0040580919300140},
author = {Asger Hobolth and Arno Siri-Jégousse and Mogens Bladt},
keywords = {Coalescent theory, Multiple merger, Phase-type theory, Recombination, Segregating sites, Site frequency spectrum},
}

@article{moments,
    author = {Jouganous, Julien and Long, Will and Ragsdale, Aaron P and Gravel, Simon},
    title = "{Inferring the Joint Demographic History of Multiple Populations: Beyond the Diffusion Approximation}",
    journal = {Genetics},
    volume = {206},
    number = {3},
    pages = {1549-1567},
    year = {2017},
    month = {07},
    issn = {1943-2631},
    doi = {10.1534/genetics.117.200493},
    url = {https://doi.org/10.1534/genetics.117.200493},
    eprint = {https://academic.oup.com/genetics/article-pdf/206/3/1549/49470863/genetics1549.pdf},
}

@book{phasetype,
  title={Matrix-Exponential Distributions in Applied Probability},
  author={Bladt, Mogens and Nielsen, Bo Friis},
  year={2017},
  publisher={Springer New York, NY},
  series={Probability Theory and Stochastic Modelling},
  doi={10.1007/978-1-4939-7049-0}
}

@article{van_loan_popgen,
title = "Summary statistics for endpoint-conditioned continuous-time Markov chains",
keywords = "Continuous-time Markov chain, dwelling time, EM algorithm, transition number, uniformization",
author = "Asger Hobolth and Jensen, {Jens Ledet}",
year = "2011",
doi = "10.1239/jap/1324046009",
language = "English",
volume = "48",
pages = "911--924",
journal = "Journal of Applied Probability",
issn = "0021-9002",
publisher = "CAMBRIDGE UNIV PRESS",
number = "4",
}

@article{van_loan,
  title = {Computing integrals involving the matrix exponential},
  author = {Van Loan, C. F.},
  journal = {IEEE Trans. Automatic Control},
  volume = {23},
  number = {3},
  pages = {395--404},
  year = {1978}
}

@article{phasetype_sfs,
  title={Multivariate phase-type theory for the site frequency spectrum},
  author={Hobolth, Asger and Bladt, Mogens and Andersen, Lars N{\o}rvang},
  journal={Journal of Mathematical Biology},
  volume={83},
  number={6-7},
  pages={63},
  year={2021},
  publisher={Springer},
  doi={10.1007/s00285-021-01689-w}
}

@article{beta_coalescent,
title = {Coalescent processes obtained from supercritical Galton–Watson processes},
journal = {Stochastic Processes and their Applications},
volume = {106},
number = {1},
pages = {107-139},
year = {2003},
issn = {0304-4149},
doi = {https://doi.org/10.1016/S0304-4149(03)00028-0},
url = {https://www.sciencedirect.com/science/article/pii/S0304414903000280},
author = {Jason Schweinsberg},
keywords = {Coalescence, Galton–Watson processes, Ancestral processes, Poisson–Dirichlet distribution},
}

